@article{test,
  title={Test ref},
  author={Au.Thor et al},
  year={2015},
  publisher={publisher}
}
